@article{FederalRegister,
    author  = "Department of Homeland Security",
    title   = "Retention of EB-1, EB-2, and EB-3 Immigrant Workers and Program Improvements Affecting High-Skilled Nonimmigrant Workers",
    year    = "2016",
    journal = "Federal Register",
    volume  = "81 FR 82398 ",
    number  = "3",
    pages   = "82398--82492"
}

@misc{DHS,
    author  = "Department of Homeland Security",
    title   = "Report on H-1B Petitions",
    year    = "2016",
    month   = "February",
    note    = "Fiscal Year 2015 Annual Report to Congress October 1, 2014 â€“ September 30, 2015"
}

@misc{USCIS,
    author  = "U.S. Citizenship and Immigration Services",
    title   = "Questions and Answers: USCIS to Accept H-1B Petitions for FY 2010 Beginning April 1, 2009",
    year    = "2009--2010"
}

@misc{Glassdoor,
    author  = "Dr. Andrew Chamberlain",
    title   = "Dispelling Myths: What H1B Visa Workers Are Really Paid",
    year    = "2017",
    month   = "April",
    note    = "https://www.glassdoor.com/research/h1b-workers/"
}